{'channel': 'trades', 'data': [{'coin': 'NOT', 'side': 'B', 'px': '0.022361', 'sz': '726.0', 'time': 1717449620605, 'hash': '0xe544b74622767e206058040d0feb3501020087598ea634d17473a74f74db81bb', 'tid': 127670274093978}, {'coin': 'NOT', 'side': 'B', 'px': '0.022249', 'sz': '849.0', 'time': 1717449675523, 'hash': '0xcb3e3d679792269b09fa040d0fec54010600d3c92a54b0c29faf8b2e0bafa91b', 'tid': 942501932372773}, {'coin': 'NOT', 'side': 'B', 'px': '0.02225', 'sz': '77824.0', 'time': 1717449679343, 'hash': '0x90b76993f3e8fd542adb040d0fec680106000e1ed9d814382f1a6509453654dc', 'tid': 889870218267600}, {'coin': 'NOT', 'side': 'A', 'px': '0.022307', 'sz': '1385.0', 'time': 1717449770176, 'hash': '0x3d927a5aa54d278ba1a8040d0fee3f010400f8236debcbae1d4b4c8b47d09323', 'tid': 505284279128986}, {'coin': 'NOT', 'side': 'B', 'px': '0.022309', 'sz': '715.0', 'time': 1717449778420, 'hash': '0xeccaa7ef1671e45e2675040d0fee6b010800c28bac7350665381b3b96fbd4b56', 'tid': 919603110223207}, {'coin': 'NOT', 'side': 'B', 'px': '0.022287', 'sz': '48463.0', 'time': 1717449781234, 'hash': '0xfef0fcfe81a9c33d2194040d0fee7901020062eb76c23d4689ecc19f40e28f26', 'tid': 1061371806957663}, {'coin': 'NOT', 'side': 'A', 'px': '0.022315', 'sz': '710.0', 'time': 1717449787268, 'hash': '0x10db8519b742c6b95d2d040d0fee99010900d535110feb0563fc9ef780959a8a', 'tid': 580320414945555}, {'coin': 'NOT', 'side': 'A', 'px': '0.022316', 'sz': '761.0', 'time': 1717449795517, 'hash': '0x4d7a873c830ae1eeb2fd040d0feec5010e009893f55797944910f23394a63bdb', 'tid': 829019800598694}, {'coin': 'NOT', 'side': 'A', 'px': '0.022304', 'sz': '163095.0', 'time': 1717449841951, 'hash': '0xf9d1033d7f95b35a4193040d0fefa4011300f878a39bb1cd7ef4f15657032098', 'tid': 403508505730868}, {'coin': 'NOT', 'side': 'A', 'px': '0.022345', 'sz': '803.0', 'time': 1717449916585, 'hash': '0x5c7ef8e545d2db4ea2ac040d0ff1300102006e7801754ef2162edb3b9ec86645', 'tid': 116581514112827}, {'coin': 'NOT', 'side': 'A', 'px': '0.022356', 'sz': '804.0', 'time': 1717449940112, 'hash': '0x231ca28bda003bf44cb9040d0ff1ab010200b2c6d6d09502d81fa778f4359044', 'tid': 1071311333751309}, {'coin': 'NOT', 'side': 'B', 'px': '0.022305', 'sz': '149948.0', 'time': 1717449963908, 'hash': '0xf063d4ec9111147a10c6040d0ff22301090003f6bfd06e5724305b58a174347b', 'tid': 852249403847045}, {'coin': 'NOT', 'side': 'B', 'px': '0.022309', 'sz': '35318.0', 'time': 1717449963908, 'hash': '0xf063d4ec9111147a10c6040d0ff22301090003f6bfd06e5724305b58a174347b', 'tid': 700223963523976}, {'coin': 'NOT', 'side': 'B', 'px': '0.022362', 'sz': '1101.0', 'time': 1717450052266, 'hash': '0x4be00f2ee4167375a599040d0ff3ec010700a4c909d042b2d10523ac9ad03188', 'tid': 132796626622888}, {'coin': 'NOT', 'side': 'B', 'px': '0.022346', 'sz': '1530.0', 'time': 1717450142367, 'hash': '0x8ba3723783e4f6b36c59040d0ff5c30107004cc379db5b75476d4cfcab2c02f6', 'tid': 715593392323938}, {'coin': 'NOT', 'side': 'B', 'px': '0.022445', 'sz': '708.0', 'time': 1717450229708, 'hash': '0x21b8f56394bfd2fcfcc8040d0ff76b010d00ca74de6cda94a360dd03565e724c', 'tid': 33822120993581}, {'coin': 'NOT', 'side': 'A', 'px': '0.02241', 'sz': '842.0', 'time': 1717450358773, 'hash': '0x5c0fdf9e36f7b3f9a0b5040d0ffa0a00007f420456ee2e7e165f18ed3ef2e0f4', 'tid': 787490976077961}, {'coin': 'NOT', 'side': 'B', 'px': '0.022603', 'sz': '715.0', 'time': 1717451116028, 'hash': '0x21cb33d75c01dd45112d040d100958010400f0e9dfa42d0a9e252d6057fbca90', 'tid': 525334135434965}, {'coin': 'NOT', 'side': 'B', 'px': '0.022586', 'sz': '709.0', 'time': 1717451122461, 'hash': '0x219b6d269293b43c0221040d100979010200840abe918ad5ed2f2d3764a29ec6', 'tid': 277419282563460}, {'coin': 'NOT', 'side': 'B', 'px': '0.022614', 'sz': '1969.0', 'time': 1717451218022, 'hash': '0x2d8957b5b1be758d5b7a040d100b67010200c775aff588d963dd1ef7557dc9d3', 'tid': 489924858391648}, {'coin': 'NOT', 'side': 'B', 'px': '0.022599', 'sz': '775.0', 'time': 1717451282234, 'hash': '0x93304b85e4c406c96c09040d100cb001020025cd3fa6ccb97bc50c51001bc9f8', 'tid': 1004878088640261}, {'coin': 'NOT', 'side': 'A', 'px': '0.022523', 'sz': '891.0', 'time': 1717451353270, 'hash': '0x275cca1a049cadb9815d040d100e21010600f25a06901c94f2dcee2d0ac37ead', 'tid': 726846522705705}, {'coin': 'NOT', 'side': 'A', 'px': '0.022521', 'sz': '700.0', 'time': 1717451356745, 'hash': '0x569529ab0e98e30387e5040d100e2d010100149196a3b7f7107f2b56c77f1eff', 'tid': 506366556654456}, {'coin': 'NOT', 'side': 'B', 'px': '0.022499', 'sz': '826.0', 'time': 1717451388423, 'hash': '0xa30f3de8ca0fd61903ea040d100ecf0105005746951cd9d0f77eb7085e9a0d0e', 'tid': 19594362118817}, {'coin': 'NOT', 'side': 'B', 'px': '0.022503', 'sz': '1519.0', 'time': 1717451425880, 'hash': '0xa36746de717d4a072284040d100f91010500398899e66dd1b5cbbb0f5b560c4d', 'tid': 744577383008299}, {'coin': 'NOT', 'side': 'B', 'px': '0.022572', 'sz': '870.0', 'time': 1717451501123, 'hash': '0x9a98790eef31f82dd801040d10111b0105006c38547b6010e0ea5d9daf81b4f1', 'tid': 139663522988427}, {'coin': 'NOT', 'side': 'A', 'px': '0.022494', 'sz': '1130.0', 'time': 1717451551708, 'hash': '0x99adf09b6996d00e2b8f040d101218010700ef937ff9ad573db35f9a114c535b', 'tid': 71363387617564}, {'coin': 'NOT', 'side': 'A', 'px': '0.022501', 'sz': '862.0', 'time': 1717451604007, 'hash': '0x9e952b83202cdbc5514b040d10132b01070101c4ca17cc8f5c8448901a777442', 'tid': 520971110213530}, {'coin': 'NOT', 'side': 'B', 'px': '0.022536', 'sz': '730.0', 'time': 1717451642770, 'hash': '0x797db4b5e01bbdd7d451040d1013f4010900bc64d3c114c0733647c7c5b3f1ce', 'tid': 889792298624255}, {'coin': 'NOT', 'side': 'A', 'px': '0.022564', 'sz': '882.0', 'time': 1717451710513, 'hash': '0x0711e5281325a53f3988040d101550010600c39fe671d6b0458ace1e4b448367', 'tid': 806861871087751}]}
{'channel': 'trades', 'data': [{'coin': 'NOT', 'side': 'A', 'px': '0.022571', 'sz': '863.0', 'time': 1717451785076, 'hash': '0xf120060b0d23255f30b3040d1016cd000049f8aef746aa0e725a6df7cba6eb3e', 'tid': 472699453222103}]}
{'channel': 'trades', 'data': [{'coin': 'NOT', 'side': 'A', 'px': '0.02257', 'sz': '500.0', 'time': 1717451791518, 'hash': '0x0a579b8e938bfc76e5d9040d1016ef010c0070b38c508ad37b5ca68dd5fdda50', 'tid': 249066271062711}]}
{'channel': 'trades', 'data': [{'coin': 'NOT', 'side': 'B', 'px': '0.022589', 'sz': '500.0', 'time': 1717451797149, 'hash': '0x81368d41cc14f6b36374040d10170b01080012ab1fcc1bfa242c7c26541c3630', 'tid': 715008219796989}]}
{'channel': 'trades', 'data': [{'coin': 'NOT', 'side': 'A', 'px': '0.022568', 'sz': '1706.0', 'time': 1717451806805, 'hash': '0x64afeccd71ece10d10a0040d101740010100681bb2c317b5ce69d7b2fe6a2bb9', 'tid': 564110460245253}]}
{'channel': 'trades', 'data': [{'coin': 'NOT', 'side': 'B', 'px': '0.022499', 'sz': '826.0', 'time': 1717451388423, 'hash': '0xa30f3de8ca0fd61903ea040d100ecf0105005746951cd9d0f77eb7085e9a0d0e', 'tid': 19594362118817}, {'coin': 'NOT', 'side': 'B', 'px': '0.022503', 'sz': '1519.0', 'time': 1717451425880, 'hash': '0xa36746de717d4a072284040d100f91010500398899e66dd1b5cbbb0f5b560c4d', 'tid': 744577383008299}, {'coin': 'NOT', 'side': 'B', 'px': '0.022572', 'sz': '870.0', 'time': 1717451501123, 'hash': '0x9a98790eef31f82dd801040d10111b0105006c38547b6010e0ea5d9daf81b4f1', 'tid': 139663522988427}, {'coin': 'NOT', 'side': 'A', 'px': '0.022494', 'sz': '1130.0', 'time': 1717451551708, 'hash': '0x99adf09b6996d00e2b8f040d101218010700ef937ff9ad573db35f9a114c535b', 'tid': 71363387617564}, {'coin': 'NOT', 'side': 'A', 'px': '0.022501', 'sz': '862.0', 'time': 1717451604007, 'hash': '0x9e952b83202cdbc5514b040d10132b01070101c4ca17cc8f5c8448901a777442', 'tid': 520971110213530}, {'coin': 'NOT', 'side': 'B', 'px': '0.022536', 'sz': '730.0', 'time': 1717451642770, 'hash': '0x797db4b5e01bbdd7d451040d1013f4010900bc64d3c114c0733647c7c5b3f1ce', 'tid': 889792298624255}, {'coin': 'NOT', 'side': 'A', 'px': '0.022564', 'sz': '882.0', 'time': 1717451710513, 'hash': '0x0711e5281325a53f3988040d101550010600c39fe671d6b0458ace1e4b448367', 'tid': 806861871087751}, {'coin': 'NOT', 'side': 'A', 'px': '0.022571', 'sz': '863.0', 'time': 1717451785076, 'hash': '0xf120060b0d23255f30b3040d1016cd000049f8aef746aa0e725a6df7cba6eb3e', 'tid': 472699453222103}, {'coin': 'NOT', 'side': 'A', 'px': '0.02257', 'sz': '500.0', 'time': 1717451791518, 'hash': '0x0a579b8e938bfc76e5d9040d1016ef010c0070b38c508ad37b5ca68dd5fdda50', 'tid': 249066271062711}, {'coin': 'NOT', 'side': 'B', 'px': '0.022589', 'sz': '500.0', 'time': 1717451797149, 'hash': '0x81368d41cc14f6b36374040d10170b01080012ab1fcc1bfa242c7c26541c3630', 'tid': 715008219796989}, {'coin': 'NOT', 'side': 'A', 'px': '0.022568', 'sz': '1706.0', 'time': 1717451806805, 'hash': '0x64afeccd71ece10d10a0040d101740010100681bb2c317b5ce69d7b2fe6a2bb9', 'tid': 564110460245253}, {'coin': 'NOT', 'side': 'A', 'px': '0.022488', 'sz': '714.0', 'time': 1717451943099, 'hash': '0x7325c52ffd29cc7a0bf0040d101a03010501010a24f98ee9cae02a59af9a4896', 'tid': 1052988395158824}, {'coin': 'NOT', 'side': 'A', 'px': '0.022489', 'sz': '873.0', 'time': 1717452002760, 'hash': '0xff1a5b411ef47462bca2040d101b3a01070101bca19a617a76bd4f7e7aa6f831', 'tid': 110494791519353}, {'coin': 'NOT', 'side': 'B', 'px': '0.022529', 'sz': '142055.0', 'time': 1717452013224, 'hash': '0xba3ef25ac01d1098966f040d101b690110001f25795305dbb885a5860dbf24cd', 'tid': 1042391201666647}, {'coin': 'NOT', 'side': 'B', 'px': '0.022532', 'sz': '748.0', 'time': 1717452013224, 'hash': '0xba3ef25ac01d1098966f040d101b690110001f25795305dbb885a5860dbf24cd', 'tid': 651556812416144}, {'coin': 'NOT', 'side': 'B', 'px': '0.022499', 'sz': '831.0', 'time': 1717452022874, 'hash': '0x009559ca3a8a5884646c040d101b9a010c003d6d6fe1ff8e1546280f0656e7ae', 'tid': 288779251023364}, {'coin': 'NOT', 'side': 'A', 'px': '0.0224', 'sz': '767.0', 'time': 1717452072769, 'hash': '0x5b0d0eb753f2eea59696040d101ca201090058f50713d84b15d14381b43e103f', 'tid': 235511591091781}, {'coin': 'NOT', 'side': 'B', 'px': '0.022358', 'sz': '18916.0', 'time': 1717452083045, 'hash': '0x4be4a00a2cd1a7031f7a040d101cd8010800a7b0dc34d9861989ab63a9e9be7e', 'tid': 807987773759880}, {'coin': 'NOT', 'side': 'A', 'px': '0.022359', 'sz': '841.0', 'time': 1717452170832, 'hash': '0xc4ff2a257beb2f675a1a040d101e9f0105000816630742958131c711d791c24e', 'tid': 372707229433816}, {'coin': 'NOT', 'side': 'B', 'px': '0.022346', 'sz': '773.0', 'time': 1717452220308, 'hash': '0xe3b6d070440ec39b05a5040d101fa201040051b9ff46911fec89bdb1496cbd9e', 'tid': 958069489675532}, {'coin': 'NOT', 'side': 'A', 'px': '0.022372', 'sz': '5572.0', 'time': 1717452271527, 'hash': '0xac70e914e2c559dffc31040d1020af011300bf30fcf6899da4596ccece0c595d', 'tid': 801234517469283}, {'coin': 'NOT', 'side': 'A', 'px': '0.022372', 'sz': '5327.0', 'time': 1717452271527, 'hash': '0x416bbc0654ade21cc123040d1020af01140094d470a2923311e9ca429e98af52', 'tid': 365544952421389}, {'coin': 'NOT', 'side': 'B', 'px': '0.022342', 'sz': '869.0', 'time': 1717452280978, 'hash': '0xdd9b5d1f303980d4e527040d1020e001030031a69b7dbbee4b06eab4376d42a7', 'tid': 440610230300687}, {'coin': 'NOT', 'side': 'A', 'px': '0.022311', 'sz': '108974.0', 'time': 1717452365113, 'hash': '0xa46ecb59af4d6da938a3040d10228f010900b3d5f083c9cb23ee480fa5ae5ee7', 'tid': 330047776241104}, {'coin': 'NOT', 'side': 'A', 'px': '0.022311', 'sz': '141369.0', 'time': 1717452365113, 'hash': '0x8634ec36caa987539488040d10228f010a004f8b5c2e4824657edb72ab92976c', 'tid': 538521800240938}, {'coin': 'NOT', 'side': 'B', 'px': '0.022272', 'sz': '10373.0', 'time': 1717452404083, 'hash': '0xc15dbabfa1786c141bef040d1023520108003a40287afff5801e75bf55c51859', 'tid': 178801183812513}, {'coin': 'NOT', 'side': 'B', 'px': '0.022273', 'sz': '10225.0', 'time': 1717452404083, 'hash': '0xbadbecf2217d6ae7fe60040d10235201090055d042f511ce36f53990534e901a', 'tid': 302785925315909}, {'coin': 'NOT', 'side': 'B', 'px': '0.022241', 'sz': '834.0', 'time': 1717452463831, 'hash': '0xbdecc0cf06f2e2696f6a040d10248d0108003641e1309c8ae79d6c6e2822ea0a', 'tid': 1051504860870361}, {'coin': 'NOT', 'side': 'A', 'px': '0.022241', 'sz': '1674.0', 'time': 1717452512359, 'hash': '0x50fb79df3cc266b990f9040d102580010700e052b0b117764b92dee8f8550aec', 'tid': 647998628045388}, {'coin': 'NOT', 'side': 'B', 'px': '0.022259', 'sz': '16468.0', 'time': 1717452621084, 'hash': '0xfcd0abc99604b9a8a5ba040d1027b3010800f55b142a4f64a2485e69641b5a62', 'tid': 913987442051734}]}
{'channel': 'trades', 'data': [{'coin': 'NOT', 'side': 'B', 'px': '0.022221', 'sz': '500.0', 'time': 1717452636570, 'hash': '0x7ce19dd2d2456ec64e17040d102805010f00d3c49d8fcc98a6eb391e4d5ce571', 'tid': 521978690593211}]}
{'channel': 'trades', 'data': [{'coin': 'NOT', 'side': 'A', 'px': '0.022211', 'sz': '500.0', 'time': 1717452650853, 'hash': '0x792d9df7a9c3fd569a92040d10284f01080019780af291140f053e80ca6ec754', 'tid': 872960510908313}]}
{'channel': 'trades', 'data': [{'coin': 'NOT', 'side': 'A', 'px': '0.021599', 'sz': '859.0', 'time': 1717458716031, 'hash': '0x1ee3309c01a2427911bf040d10a298010300807bde6b9ac0a59f8d74c98b0467', 'tid': 52336125378880}, {'coin': 'NOT', 'side': 'B', 'px': '0.021628', 'sz': '1590.0', 'time': 1717458722968, 'hash': '0x909cc68146b97c296d38040d10a2ba011500581e362ef1a7f60f36b4fe80303a', 'tid': 529967979145933}, {'coin': 'NOT', 'side': 'A', 'px': '0.02153', 'sz': '912.0', 'time': 1717458815910, 'hash': '0xb0b5c66050f83fc6158d040d10a49f010101010c280a314be02566d1b3c7f853', 'tid': 518916077871131}, {'coin': 'NOT', 'side': 'A', 'px': '0.02153', 'sz': '845.0', 'time': 1717458821745, 'hash': '0xaf6d6facf48f25723521040d10a4c00103005e52a19adb10e1e3a57bca1482e3', 'tid': 7310123311378}, {'coin': 'NOT', 'side': 'A', 'px': '0.021522', 'sz': '777.0', 'time': 1717458858250, 'hash': '0x9774871bf10e5b295ffb040d10a57c010600ab7f35550ca357c19dcd80e7c6ef', 'tid': 170633791898998}, {'coin': 'NOT', 'side': 'B', 'px': '0.021496', 'sz': '734.0', 'time': 1717458989629, 'hash': '0xa2cc5a57cfd66fc5b47a040d10a8190104006456b7a1abe85d7445fcdb41de39', 'tid': 540444384721227}, {'coin': 'NOT', 'side': 'A', 'px': '0.02147', 'sz': '908.0', 'time': 1717459064243, 'hash': '0xbccd1543ebdb1fc44692040d10a9a00105006f32a08c8389bbec5669694a145b', 'tid': 641566188453677}, {'coin': 'NOT', 'side': 'A', 'px': '0.02149', 'sz': '172442.0', 'time': 1717459143930, 'hash': '0x7b61093da2a574590cfd040d10ab35010a00147b5b3b1f65d703ef844d18a6db', 'tid': 981399196542870}, {'coin': 'NOT', 'side': 'A', 'px': '0.021498', 'sz': '206006.0', 'time': 1717459171522, 'hash': '0x8f632855caf06c212932040d10abc7010400c93928f3d70382a29734142604e7', 'tid': 504112737947432}, {'coin': 'NOT', 'side': 'A', 'px': '0.021521', 'sz': '156700.0', 'time': 1717459180369, 'hash': '0x50c6ab638bc6f4f11171040d10abf4010400ab10cf8f9e04ba4354d1185b7f97', 'tid': 172604611224223}, {'coin': 'NOT', 'side': 'A', 'px': '0.021517', 'sz': '77288.0', 'time': 1717459180369, 'hash': '0x50c6ab638bc6f4f11171040d10abf4010400ab10cf8f9e04ba4354d1185b7f97', 'tid': 48092202651132}, {'coin': 'NOT', 'side': 'A', 'px': '0.021512', 'sz': '170838.0', 'time': 1717459180369, 'hash': '0x9c9bd20269d15d66c970040d10abf4010500aa67109ee51f3ac5bbfa50a1b9cb', 'tid': 848143408857284}, {'coin': 'NOT', 'side': 'A', 'px': '0.021524', 'sz': '290596.0', 'time': 1717459205856, 'hash': '0x75a59c4217c4a87501ab040d10ac750117009087015bf360d25c0663ab5600bb', 'tid': 619343013689982}, {'coin': 'NOT', 'side': 'A', 'px': '0.021523', 'sz': '7126.0', 'time': 1717459205856, 'hash': '0x75a59c4217c4a87501ab040d10ac750117009087015bf360d25c0663ab5600bb', 'tid': 396848069897976}, {'coin': 'NOT', 'side': 'A', 'px': '0.021703', 'sz': '732.0', 'time': 1717459453870, 'hash': '0xd56b4eb06f3b4d45ab0d040d10b16d010800ba95c3810549aa65a1afe7139950', 'tid': 266575342503375}, {'coin': 'NOT', 'side': 'B', 'px': '0.021979', 'sz': '900.0', 'time': 1717460338909, 'hash': '0x4e115e3094355989b5d8040d10c2e6010700ae04290ff3618697c3f04bd84054', 'tid': 215004580966544}, {'coin': 'NOT', 'side': 'B', 'px': '0.021963', 'sz': '1776.0', 'time': 1717460371105, 'hash': '0x5fb8f788c62a86ed578b040d10c38e010a003f43ccb38fd996e5c7c3b48d1f79', 'tid': 375934288652121}, {'coin': 'NOT', 'side': 'B', 'px': '0.021911', 'sz': '1784.0', 'time': 1717460384386, 'hash': '0xde30d670701ced512cc8040d10c3d20108003b52f758553171758b1ff2cf2d5d', 'tid': 997476307671565}, {'coin': 'NOT', 'side': 'A', 'px': '0.021936', 'sz': '7171.0', 'time': 1717460434535, 'hash': '0x099aab0d127f479273b2040d10c4d6010d00cf4f8527fa1990552ddb3a77e5c7', 'tid': 342418457262371}, {'coin': 'NOT', 'side': 'B', 'px': '0.021952', 'sz': '844.0', 'time': 1717460530519, 'hash': '0x2582da8adf7b1fac0eaf040d10c6bc011100c5f6d081a6817712c77663ff63a0', 'tid': 650684019441323}, {'coin': 'NOT', 'side': 'A', 'px': '0.021956', 'sz': '1976.0', 'time': 1717460540176, 'hash': '0xf459c9a0dcf399e3282b040d10c6ec0114003ea62f4c5c5e04bd34a8aee884e7', 'tid': 31354950459495}, {'coin': 'NOT', 'side': 'B', 'px': '0.022109', 'sz': '881.0', 'time': 1717461022676, 'hash': '0x717a28e966d45027988b040d10d08f010c00bacaf0ac24697b7df19fc1bdcc87', 'tid': 516034351827167}, {'coin': 'NOT', 'side': 'A', 'px': '0.022092', 'sz': '689.0', 'time': 1717461089704, 'hash': '0x354ca3ed69b29aecd6d1040d10d1da01070082f14884cdb67234f9267ae59ca9', 'tid': 258259658749909}, {'coin': 'NOT', 'side': 'B', 'px': '0.022042', 'sz': '751.0', 'time': 1717461178442, 'hash': '0x1d226c7cb1cb1b0a73ef040d10d39e011200ca325c1334d9b2ebafb0b50378f7', 'tid': 673771402542854}, {'coin': 'NOT', 'side': 'A', 'px': '0.022024', 'sz': '782.0', 'time': 1717461190107, 'hash': '0x0a5374bf5c7b794c236d040d10d3d801080095495662cbc96dd2e9a3774f8543', 'tid': 539652922514330}, {'coin': 'NOT', 'side': 'A', 'px': '0.022075', 'sz': '754.0', 'time': 1717461276420, 'hash': '0x855894032c41ecf78df3040d10d58d010900c79882c096a9c47baba7f9722345', 'tid': 378526558142428}, {'coin': 'NOT', 'side': 'B', 'px': '0.022033', 'sz': '40823.0', 'time': 1717461303580, 'hash': '0x7f36ce965162cada13b6040d10d61b010400c72a6a91e41770d56e25abea3bec', 'tid': 372415956533707}, {'coin': 'NOT', 'side': 'A', 'px': '0.021978', 'sz': '118192.0', 'time': 1717461328609, 'hash': '0x4e969de90f50dd4ae4d4040d10d69a01090016bc28b0baebdd67348b37f1c886', 'tid': 76287387194747}, {'coin': 'NOT', 'side': 'A', 'px': '0.021981', 'sz': '94341.0', 'time': 1717461328811, 'hash': '0xe1e74dd2d66d51ed3645040d10d69b010b005b2fd14344c952be4b728f06aa0b', 'tid': 1013284941271052}, {'coin': 'NOT', 'side': 'B', 'px': '0.02212', 'sz': '1987.0', 'time': 1717461584014, 'hash': '0xb4ac2954690a0852893c040d10dba7010100bb84f57d1114502e7be414ae9131', 'tid': 979427618759936}]}
{'channel': 'trades', 'data': [{'coin': 'NOT', 'side': 'A', 'px': '0.021523', 'sz': '7126.0', 'time': 1717459205856, 'hash': '0x75a59c4217c4a87501ab040d10ac750117009087015bf360d25c0663ab5600bb', 'tid': 396848069897976}, {'coin': 'NOT', 'side': 'A', 'px': '0.021703', 'sz': '732.0', 'time': 1717459453870, 'hash': '0xd56b4eb06f3b4d45ab0d040d10b16d010800ba95c3810549aa65a1afe7139950', 'tid': 266575342503375}, {'coin': 'NOT', 'side': 'B', 'px': '0.021979', 'sz': '900.0', 'time': 1717460338909, 'hash': '0x4e115e3094355989b5d8040d10c2e6010700ae04290ff3618697c3f04bd84054', 'tid': 215004580966544}, {'coin': 'NOT', 'side': 'B', 'px': '0.021963', 'sz': '1776.0', 'time': 1717460371105, 'hash': '0x5fb8f788c62a86ed578b040d10c38e010a003f43ccb38fd996e5c7c3b48d1f79', 'tid': 375934288652121}, {'coin': 'NOT', 'side': 'B', 'px': '0.021911', 'sz': '1784.0', 'time': 1717460384386, 'hash': '0xde30d670701ced512cc8040d10c3d20108003b52f758553171758b1ff2cf2d5d', 'tid': 997476307671565}, {'coin': 'NOT', 'side': 'A', 'px': '0.021936', 'sz': '7171.0', 'time': 1717460434535, 'hash': '0x099aab0d127f479273b2040d10c4d6010d00cf4f8527fa1990552ddb3a77e5c7', 'tid': 342418457262371}, {'coin': 'NOT', 'side': 'B', 'px': '0.021952', 'sz': '844.0', 'time': 1717460530519, 'hash': '0x2582da8adf7b1fac0eaf040d10c6bc011100c5f6d081a6817712c77663ff63a0', 'tid': 650684019441323}, {'coin': 'NOT', 'side': 'A', 'px': '0.021956', 'sz': '1976.0', 'time': 1717460540176, 'hash': '0xf459c9a0dcf399e3282b040d10c6ec0114003ea62f4c5c5e04bd34a8aee884e7', 'tid': 31354950459495}, {'coin': 'NOT', 'side': 'B', 'px': '0.022109', 'sz': '881.0', 'time': 1717461022676, 'hash': '0x717a28e966d45027988b040d10d08f010c00bacaf0ac24697b7df19fc1bdcc87', 'tid': 516034351827167}, {'coin': 'NOT', 'side': 'A', 'px': '0.022092', 'sz': '689.0', 'time': 1717461089704, 'hash': '0x354ca3ed69b29aecd6d1040d10d1da01070082f14884cdb67234f9267ae59ca9', 'tid': 258259658749909}, {'coin': 'NOT', 'side': 'B', 'px': '0.022042', 'sz': '751.0', 'time': 1717461178442, 'hash': '0x1d226c7cb1cb1b0a73ef040d10d39e011200ca325c1334d9b2ebafb0b50378f7', 'tid': 673771402542854}, {'coin': 'NOT', 'side': 'A', 'px': '0.022024', 'sz': '782.0', 'time': 1717461190107, 'hash': '0x0a5374bf5c7b794c236d040d10d3d801080095495662cbc96dd2e9a3774f8543', 'tid': 539652922514330}, {'coin': 'NOT', 'side': 'A', 'px': '0.022075', 'sz': '754.0', 'time': 1717461276420, 'hash': '0x855894032c41ecf78df3040d10d58d010900c79882c096a9c47baba7f9722345', 'tid': 378526558142428}, {'coin': 'NOT', 'side': 'B', 'px': '0.022033', 'sz': '40823.0', 'time': 1717461303580, 'hash': '0x7f36ce965162cada13b6040d10d61b010400c72a6a91e41770d56e25abea3bec', 'tid': 372415956533707}, {'coin': 'NOT', 'side': 'A', 'px': '0.021978', 'sz': '118192.0', 'time': 1717461328609, 'hash': '0x4e969de90f50dd4ae4d4040d10d69a01090016bc28b0baebdd67348b37f1c886', 'tid': 76287387194747}, {'coin': 'NOT', 'side': 'A', 'px': '0.021981', 'sz': '94341.0', 'time': 1717461328811, 'hash': '0xe1e74dd2d66d51ed3645040d10d69b010b005b2fd14344c952be4b728f06aa0b', 'tid': 1013284941271052}, {'coin': 'NOT', 'side': 'B', 'px': '0.02212', 'sz': '1987.0', 'time': 1717461584014, 'hash': '0xb4ac2954690a0852893c040d10dba7010100bb84f57d1114502e7be414ae9131', 'tid': 979427618759936}, {'coin': 'NOT', 'side': 'A', 'px': '0.022131', 'sz': '701.0', 'time': 1717461697546, 'hash': '0xc5c642ecbda4d5cd0857040d10ddeb01080101ff5b6ef67b580086443c56d78d', 'tid': 137479773105080}, {'coin': 'NOT', 'side': 'A', 'px': '0.022131', 'sz': '881.0', 'time': 1717461697546, 'hash': '0x7b75b6e8f1bbc4250e5c040d10ddeb010901016ef85e36de7e08b839f84838bb', 'tid': 1072120842423400}, {'coin': 'NOT', 'side': 'A', 'px': '0.022281', 'sz': '861.0', 'time': 1717462220387, 'hash': '0xe123569698a8d06b8fdd040d10e8560117000b46dcb94d1e0ffa4e08fe2656f5', 'tid': 404758260357658}, {'coin': 'NOT', 'side': 'A', 'px': '0.022234', 'sz': '1227.0', 'time': 1717462227848, 'hash': '0x967cfc4c69394ce10293040d10e87f010f00b05b0834faca237d00553bfb3c9a', 'tid': 276172225837580}, {'coin': 'NOT', 'side': 'B', 'px': '0.022277', 'sz': '857.0', 'time': 1717462232281, 'hash': '0x376846726bc09d136d82040d10e895010b00f0d43fafdf0e5ea965c54d40d511', 'tid': 320790118043159}, {'coin': 'NOT', 'side': 'B', 'px': '0.02223', 'sz': '808.0', 'time': 1717462289098, 'hash': '0x4863f70bb76fc3527d39040d10e9b7010a00eca8cf1f8321bcb94dcabcc66bda', 'tid': 925308184402600}, {'coin': 'NOT', 'side': 'A', 'px': '0.022266', 'sz': '688.0', 'time': 1717462376235, 'hash': '0x81c15f14d3f41da514aa040d10eb770104005f71c0a2948a6d2dca661dd9b14b', 'tid': 298801389574835}, {'coin': 'NOT', 'side': 'A', 'px': '0.022257', 'sz': '676.0', 'time': 1717462389106, 'hash': '0xfd768c569531c2f459a0040d10ebbb01060101b1acb2b46725a6f0b86917fd45', 'tid': 155595386532397}, {'coin': 'NOT', 'side': 'A', 'px': '0.022278', 'sz': '711.0', 'time': 1717462468073, 'hash': '0x0e0deb3e117c5e019bd0040d10ed52010400da906250336eae0ec1de7291a592', 'tid': 275132040302820}, {'coin': 'NOT', 'side': 'B', 'px': '0.022257', 'sz': '1287.0', 'time': 1717462540324, 'hash': '0xc08e4e5857aeb0634c2a040d10eebe010a00d5cd12db9f5034b9980cdb36541c', 'tid': 703488271705102}, {'coin': 'NOT', 'side': 'B', 'px': '0.022304', 'sz': '846.0', 'time': 1717462632743, 'hash': '0x062d9b16b7c82df6accb040d10f09e010300c48bca8c4f062524713dce56412e', 'tid': 997546120183476}, {'coin': 'NOT', 'side': 'B', 'px': '0.02229', 'sz': '769.0', 'time': 1717462636966, 'hash': '0xc4670810f290ef228510040d10f0b30104008704eb041692b09c71d0eefc75c1', 'tid': 1050708891117869}, {'coin': 'NOT', 'side': 'A', 'px': '0.022275', 'sz': '1080.0', 'time': 1717462721979, 'hash': '0xfc08148bf34fdd3a71a5040d10f26a010601011c7750a05ee5fbaafc2a9bace8', 'tid': 132962203662195}]}
{'channel': 'trades', 'data': [{'coin': 'NOT', 'side': 'B', 'px': '0.021979', 'sz': '900.0', 'time': 1717460338909, 'hash': '0x4e115e3094355989b5d8040d10c2e6010700ae04290ff3618697c3f04bd84054', 'tid': 215004580966544}, {'coin': 'NOT', 'side': 'B', 'px': '0.021963', 'sz': '1776.0', 'time': 1717460371105, 'hash': '0x5fb8f788c62a86ed578b040d10c38e010a003f43ccb38fd996e5c7c3b48d1f79', 'tid': 375934288652121}, {'coin': 'NOT', 'side': 'B', 'px': '0.021911', 'sz': '1784.0', 'time': 1717460384386, 'hash': '0xde30d670701ced512cc8040d10c3d20108003b52f758553171758b1ff2cf2d5d', 'tid': 997476307671565}, {'coin': 'NOT', 'side': 'A', 'px': '0.021936', 'sz': '7171.0', 'time': 1717460434535, 'hash': '0x099aab0d127f479273b2040d10c4d6010d00cf4f8527fa1990552ddb3a77e5c7', 'tid': 342418457262371}, {'coin': 'NOT', 'side': 'B', 'px': '0.021952', 'sz': '844.0', 'time': 1717460530519, 'hash': '0x2582da8adf7b1fac0eaf040d10c6bc011100c5f6d081a6817712c77663ff63a0', 'tid': 650684019441323}, {'coin': 'NOT', 'side': 'A', 'px': '0.021956', 'sz': '1976.0', 'time': 1717460540176, 'hash': '0xf459c9a0dcf399e3282b040d10c6ec0114003ea62f4c5c5e04bd34a8aee884e7', 'tid': 31354950459495}, {'coin': 'NOT', 'side': 'B', 'px': '0.022109', 'sz': '881.0', 'time': 1717461022676, 'hash': '0x717a28e966d45027988b040d10d08f010c00bacaf0ac24697b7df19fc1bdcc87', 'tid': 516034351827167}, {'coin': 'NOT', 'side': 'A', 'px': '0.022092', 'sz': '689.0', 'time': 1717461089704, 'hash': '0x354ca3ed69b29aecd6d1040d10d1da01070082f14884cdb67234f9267ae59ca9', 'tid': 258259658749909}, {'coin': 'NOT', 'side': 'B', 'px': '0.022042', 'sz': '751.0', 'time': 1717461178442, 'hash': '0x1d226c7cb1cb1b0a73ef040d10d39e011200ca325c1334d9b2ebafb0b50378f7', 'tid': 673771402542854}, {'coin': 'NOT', 'side': 'A', 'px': '0.022024', 'sz': '782.0', 'time': 1717461190107, 'hash': '0x0a5374bf5c7b794c236d040d10d3d801080095495662cbc96dd2e9a3774f8543', 'tid': 539652922514330}, {'coin': 'NOT', 'side': 'A', 'px': '0.022075', 'sz': '754.0', 'time': 1717461276420, 'hash': '0x855894032c41ecf78df3040d10d58d010900c79882c096a9c47baba7f9722345', 'tid': 378526558142428}, {'coin': 'NOT', 'side': 'B', 'px': '0.022033', 'sz': '40823.0', 'time': 1717461303580, 'hash': '0x7f36ce965162cada13b6040d10d61b010400c72a6a91e41770d56e25abea3bec', 'tid': 372415956533707}, {'coin': 'NOT', 'side': 'A', 'px': '0.021978', 'sz': '118192.0', 'time': 1717461328609, 'hash': '0x4e969de90f50dd4ae4d4040d10d69a01090016bc28b0baebdd67348b37f1c886', 'tid': 76287387194747}, {'coin': 'NOT', 'side': 'A', 'px': '0.021981', 'sz': '94341.0', 'time': 1717461328811, 'hash': '0xe1e74dd2d66d51ed3645040d10d69b010b005b2fd14344c952be4b728f06aa0b', 'tid': 1013284941271052}, {'coin': 'NOT', 'side': 'B', 'px': '0.02212', 'sz': '1987.0', 'time': 1717461584014, 'hash': '0xb4ac2954690a0852893c040d10dba7010100bb84f57d1114502e7be414ae9131', 'tid': 979427618759936}, {'coin': 'NOT', 'side': 'A', 'px': '0.022131', 'sz': '701.0', 'time': 1717461697546, 'hash': '0xc5c642ecbda4d5cd0857040d10ddeb01080101ff5b6ef67b580086443c56d78d', 'tid': 137479773105080}, {'coin': 'NOT', 'side': 'A', 'px': '0.022131', 'sz': '881.0', 'time': 1717461697546, 'hash': '0x7b75b6e8f1bbc4250e5c040d10ddeb010901016ef85e36de7e08b839f84838bb', 'tid': 1072120842423400}, {'coin': 'NOT', 'side': 'A', 'px': '0.022281', 'sz': '861.0', 'time': 1717462220387, 'hash': '0xe123569698a8d06b8fdd040d10e8560117000b46dcb94d1e0ffa4e08fe2656f5', 'tid': 404758260357658}, {'coin': 'NOT', 'side': 'A', 'px': '0.022234', 'sz': '1227.0', 'time': 1717462227848, 'hash': '0x967cfc4c69394ce10293040d10e87f010f00b05b0834faca237d00553bfb3c9a', 'tid': 276172225837580}, {'coin': 'NOT', 'side': 'B', 'px': '0.022277', 'sz': '857.0', 'time': 1717462232281, 'hash': '0x376846726bc09d136d82040d10e895010b00f0d43fafdf0e5ea965c54d40d511', 'tid': 320790118043159}, {'coin': 'NOT', 'side': 'B', 'px': '0.02223', 'sz': '808.0', 'time': 1717462289098, 'hash': '0x4863f70bb76fc3527d39040d10e9b7010a00eca8cf1f8321bcb94dcabcc66bda', 'tid': 925308184402600}, {'coin': 'NOT', 'side': 'A', 'px': '0.022266', 'sz': '688.0', 'time': 1717462376235, 'hash': '0x81c15f14d3f41da514aa040d10eb770104005f71c0a2948a6d2dca661dd9b14b', 'tid': 298801389574835}, {'coin': 'NOT', 'side': 'A', 'px': '0.022257', 'sz': '676.0', 'time': 1717462389106, 'hash': '0xfd768c569531c2f459a0040d10ebbb01060101b1acb2b46725a6f0b86917fd45', 'tid': 155595386532397}, {'coin': 'NOT', 'side': 'A', 'px': '0.022278', 'sz': '711.0', 'time': 1717462468073, 'hash': '0x0e0deb3e117c5e019bd0040d10ed52010400da906250336eae0ec1de7291a592', 'tid': 275132040302820}, {'coin': 'NOT', 'side': 'B', 'px': '0.022257', 'sz': '1287.0', 'time': 1717462540324, 'hash': '0xc08e4e5857aeb0634c2a040d10eebe010a00d5cd12db9f5034b9980cdb36541c', 'tid': 703488271705102}, {'coin': 'NOT', 'side': 'B', 'px': '0.022304', 'sz': '846.0', 'time': 1717462632743, 'hash': '0x062d9b16b7c82df6accb040d10f09e010300c48bca8c4f062524713dce56412e', 'tid': 997546120183476}, {'coin': 'NOT', 'side': 'B', 'px': '0.02229', 'sz': '769.0', 'time': 1717462636966, 'hash': '0xc4670810f290ef228510040d10f0b30104008704eb041692b09c71d0eefc75c1', 'tid': 1050708891117869}, {'coin': 'NOT', 'side': 'A', 'px': '0.022275', 'sz': '1080.0', 'time': 1717462721979, 'hash': '0xfc08148bf34fdd3a71a5040d10f26a010601011c7750a05ee5fbaafc2a9bace8', 'tid': 132962203662195}, {'coin': 'NOT', 'side': 'A', 'px': '0.022338', 'sz': '1930.0', 'time': 1717462931389, 'hash': '0x4e87860c9eb2f78a2153040d10f6a5011200f822a067a15af30813ff94f5da9e', 'tid': 294934829795993}, {'coin': 'NOT', 'side': 'A', 'px': '0.02229', 'sz': '694.0', 'time': 1717463008876, 'hash': '0xea73083947c89fd29685040d10f83d0107004de021bdff7e28e045043753d829', 'tid': 1050802795689263}]}
{'channel': 'trades', 'data': [{'coin': 'NOT', 'side': 'B', 'px': '0.022042', 'sz': '751.0', 'time': 1717461178442, 'hash': '0x1d226c7cb1cb1b0a73ef040d10d39e011200ca325c1334d9b2ebafb0b50378f7', 'tid': 673771402542854}, {'coin': 'NOT', 'side': 'A', 'px': '0.022024', 'sz': '782.0', 'time': 1717461190107, 'hash': '0x0a5374bf5c7b794c236d040d10d3d801080095495662cbc96dd2e9a3774f8543', 'tid': 539652922514330}, {'coin': 'NOT', 'side': 'A', 'px': '0.022075', 'sz': '754.0', 'time': 1717461276420, 'hash': '0x855894032c41ecf78df3040d10d58d010900c79882c096a9c47baba7f9722345', 'tid': 378526558142428}, {'coin': 'NOT', 'side': 'B', 'px': '0.022033', 'sz': '40823.0', 'time': 1717461303580, 'hash': '0x7f36ce965162cada13b6040d10d61b010400c72a6a91e41770d56e25abea3bec', 'tid': 372415956533707}, {'coin': 'NOT', 'side': 'A', 'px': '0.021978', 'sz': '118192.0', 'time': 1717461328609, 'hash': '0x4e969de90f50dd4ae4d4040d10d69a01090016bc28b0baebdd67348b37f1c886', 'tid': 76287387194747}, {'coin': 'NOT', 'side': 'A', 'px': '0.021981', 'sz': '94341.0', 'time': 1717461328811, 'hash': '0xe1e74dd2d66d51ed3645040d10d69b010b005b2fd14344c952be4b728f06aa0b', 'tid': 1013284941271052}, {'coin': 'NOT', 'side': 'B', 'px': '0.02212', 'sz': '1987.0', 'time': 1717461584014, 'hash': '0xb4ac2954690a0852893c040d10dba7010100bb84f57d1114502e7be414ae9131', 'tid': 979427618759936}, {'coin': 'NOT', 'side': 'A', 'px': '0.022131', 'sz': '701.0', 'time': 1717461697546, 'hash': '0xc5c642ecbda4d5cd0857040d10ddeb01080101ff5b6ef67b580086443c56d78d', 'tid': 137479773105080}, {'coin': 'NOT', 'side': 'A', 'px': '0.022131', 'sz': '881.0', 'time': 1717461697546, 'hash': '0x7b75b6e8f1bbc4250e5c040d10ddeb010901016ef85e36de7e08b839f84838bb', 'tid': 1072120842423400}, {'coin': 'NOT', 'side': 'A', 'px': '0.022281', 'sz': '861.0', 'time': 1717462220387, 'hash': '0xe123569698a8d06b8fdd040d10e8560117000b46dcb94d1e0ffa4e08fe2656f5', 'tid': 404758260357658}, {'coin': 'NOT', 'side': 'A', 'px': '0.022234', 'sz': '1227.0', 'time': 1717462227848, 'hash': '0x967cfc4c69394ce10293040d10e87f010f00b05b0834faca237d00553bfb3c9a', 'tid': 276172225837580}, {'coin': 'NOT', 'side': 'B', 'px': '0.022277', 'sz': '857.0', 'time': 1717462232281, 'hash': '0x376846726bc09d136d82040d10e895010b00f0d43fafdf0e5ea965c54d40d511', 'tid': 320790118043159}, {'coin': 'NOT', 'side': 'B', 'px': '0.02223', 'sz': '808.0', 'time': 1717462289098, 'hash': '0x4863f70bb76fc3527d39040d10e9b7010a00eca8cf1f8321bcb94dcabcc66bda', 'tid': 925308184402600}, {'coin': 'NOT', 'side': 'A', 'px': '0.022266', 'sz': '688.0', 'time': 1717462376235, 'hash': '0x81c15f14d3f41da514aa040d10eb770104005f71c0a2948a6d2dca661dd9b14b', 'tid': 298801389574835}, {'coin': 'NOT', 'side': 'A', 'px': '0.022257', 'sz': '676.0', 'time': 1717462389106, 'hash': '0xfd768c569531c2f459a0040d10ebbb01060101b1acb2b46725a6f0b86917fd45', 'tid': 155595386532397}, {'coin': 'NOT', 'side': 'A', 'px': '0.022278', 'sz': '711.0', 'time': 1717462468073, 'hash': '0x0e0deb3e117c5e019bd0040d10ed52010400da906250336eae0ec1de7291a592', 'tid': 275132040302820}, {'coin': 'NOT', 'side': 'B', 'px': '0.022257', 'sz': '1287.0', 'time': 1717462540324, 'hash': '0xc08e4e5857aeb0634c2a040d10eebe010a00d5cd12db9f5034b9980cdb36541c', 'tid': 703488271705102}, {'coin': 'NOT', 'side': 'B', 'px': '0.022304', 'sz': '846.0', 'time': 1717462632743, 'hash': '0x062d9b16b7c82df6accb040d10f09e010300c48bca8c4f062524713dce56412e', 'tid': 997546120183476}, {'coin': 'NOT', 'side': 'B', 'px': '0.02229', 'sz': '769.0', 'time': 1717462636966, 'hash': '0xc4670810f290ef228510040d10f0b30104008704eb041692b09c71d0eefc75c1', 'tid': 1050708891117869}, {'coin': 'NOT', 'side': 'A', 'px': '0.022275', 'sz': '1080.0', 'time': 1717462721979, 'hash': '0xfc08148bf34fdd3a71a5040d10f26a010601011c7750a05ee5fbaafc2a9bace8', 'tid': 132962203662195}, {'coin': 'NOT', 'side': 'A', 'px': '0.022338', 'sz': '1930.0', 'time': 1717462931389, 'hash': '0x4e87860c9eb2f78a2153040d10f6a5011200f822a067a15af30813ff94f5da9e', 'tid': 294934829795993}, {'coin': 'NOT', 'side': 'A', 'px': '0.02229', 'sz': '694.0', 'time': 1717463008876, 'hash': '0xea73083947c89fd29685040d10f83d0107004de021bdff7e28e045043753d829', 'tid': 1050802795689263}, {'coin': 'NOT', 'side': 'A', 'px': '0.022336', 'sz': '868.0', 'time': 1717463246809, 'hash': '0x5e83a58a2490d6c4f617040d10fd0001050082300f7c1198f41156efad9c723d', 'tid': 119502259869780}, {'coin': 'NOT', 'side': 'B', 'px': '0.022355', 'sz': '748.0', 'time': 1717463307979, 'hash': '0x78fa0709c7111044afce040d10fe3e010400b920a5d0825d64f2b144c254f0f5', 'tid': 743635185199191}, {'coin': 'NOT', 'side': 'B', 'px': '0.022414', 'sz': '889.0', 'time': 1717463460039, 'hash': '0x1f549d85a453a06f0530040d110158010900e09de51aa01556818197c8b90e95', 'tid': 684828888955326}, {'coin': 'NOT', 'side': 'B', 'px': '0.022315', 'sz': '810.0', 'time': 1717463507183, 'hash': '0x78749e4f8603a74d85b4040d11024a010300bae8e33757c9391d0c661162eaea', 'tid': 981873665416165}, {'coin': 'NOT', 'side': 'A', 'px': '0.022336', 'sz': '149254.0', 'time': 1717463561496, 'hash': '0x371a135eaea8ba279314040d110364010500818bbd3cda97732e8fe39de3ca22', 'tid': 159358254546986}, {'coin': 'NOT', 'side': 'B', 'px': '0.022349', 'sz': '889.0', 'time': 1717463573968, 'hash': '0x0c0c12c48328b82da97e040d1103a5010901013f573c21788abd3e93b0daba3f', 'tid': 380912624653004}, {'coin': 'NOT', 'side': 'B', 'px': '0.022308', 'sz': '905.0', 'time': 1717463599341, 'hash': '0x3745008f22acf4ae59fd040d110424010900f597515e2ddcc165437742cb237f', 'tid': 893726617618391}, {'coin': 'NOT', 'side': 'A', 'px': '0.02229', 'sz': '853.0', 'time': 1717463646622, 'hash': '0x2b4906b622d816f205bb040d110515011100d094f2dc3b6f5ca90693619c852c', 'tid': 134244145411997}]}
{'channel': 'trades', 'data': [{'coin': 'NOT', 'side': 'B', 'px': '0.02246', 'sz': '738.0', 'time': 1717469130362, 'hash': '0x81894625ea1061ddfb92040d1173c8010600ed18f92ac9f10635a019894f8d00', 'tid': 1099195812979180}, {'coin': 'NOT', 'side': 'B', 'px': '0.022458', 'sz': '129075.0', 'time': 1717469131770, 'hash': '0xdf8800a1309aa6aea495040d1173cf010e00267f0b28997beb254887e1d112e9', 'tid': 1042741972612761}, {'coin': 'NOT', 'side': 'A', 'px': '0.022472', 'sz': '91064.0', 'time': 1717469137002, 'hash': '0xabc9ea3a899e334110f1040d1173e9010800e939e1bc6585c16413c10fe61336', 'tid': 279544555070079}, {'coin': 'NOT', 'side': 'A', 'px': '0.02254', 'sz': '709.0', 'time': 1717469255209, 'hash': '0x822b19623dc5c57808b8040d11764b010800055e14fffae0ec367324a7f49443', 'tid': 38776937537107}, {'coin': 'NOT', 'side': 'B', 'px': '0.022567', 'sz': '809.0', 'time': 1717469378475, 'hash': '0x82ba46621fe99142af73040d1178d40107009128bcafe926036d1125ab51bd48', 'tid': 189442931247462}, {'coin': 'NOT', 'side': 'A', 'px': '0.022594', 'sz': '1382.0', 'time': 1717469420009, 'hash': '0xf4a23161d202ed766855040d11799d010800db442b02dbeac2f178c61f1063fe', 'tid': 500883760256210}, {'coin': 'NOT', 'side': 'B', 'px': '0.022798', 'sz': '851.0', 'time': 1717469848483, 'hash': '0x21f5ec95638d5d88aaf8040d11823001070082408348f5c09c47ef119de1222d', 'tid': 570701417400899}, {'coin': 'NOT', 'side': 'A', 'px': '0.022738', 'sz': '754.0', 'time': 1717470040573, 'hash': '0xa509409b48a5e67e54f9040d118610010d00e72b7d14dc85def4b1ebd7d44363', 'tid': 740668534073090}, {'coin': 'NOT', 'side': 'A', 'px': '0.022653', 'sz': '30148.0', 'time': 1717470161992, 'hash': '0x1b83b0ee6949883fb68b040d1188880109005dc6fba56eccad058a8161303aa4', 'tid': 181349062826994}, {'coin': 'NOT', 'side': 'A', 'px': '0.022668', 'sz': '874.0', 'time': 1717470168828, 'hash': '0xf449930163f735ab2c87040d1188ac010b007048faae49c4a028428f0492f56e', 'tid': 634503784294900}, {'coin': 'NOT', 'side': 'B', 'px': '0.022566', 'sz': '1096.0', 'time': 1717470299062, 'hash': '0x3dc95f267f27c0e5458e040d118b4e010200211129b33e4b2938fb306e677a0b', 'tid': 8481896785347}, {'coin': 'NOT', 'side': 'A', 'px': '0.022482', 'sz': '99356.0', 'time': 1717470372099, 'hash': '0x8af8c00d34b3e95d0740040d118ccc0106006dbec4c7d7aac89a26aaffdfe302', 'tid': 808947276219568}, {'coin': 'NOT', 'side': 'A', 'px': '0.022481', 'sz': '99235.0', 'time': 1717470372099, 'hash': '0x40e9e4d94d89f09d94fe040d118ccc01070077f623bda1868d69617ad3a1fd89', 'tid': 595034220369374}, {'coin': 'NOT', 'side': 'A', 'px': '0.022513', 'sz': '135264.0', 'time': 1717470390669, 'hash': '0x332b1b188cb74a79342d040d118d2501070097ca7daaeb1a120df4d8d7d41a5f', 'tid': 18703884716894}, {'coin': 'NOT', 'side': 'A', 'px': '0.022498', 'sz': '932.0', 'time': 1717470525255, 'hash': '0xd9e3235beca4dfb824f4040d118fd9010b0101c37d3a634bca4fa3ebdfbec8f2', 'tid': 414118077347824}, {'coin': 'NOT', 'side': 'B', 'px': '0.022485', 'sz': '687.0', 'time': 1717470530285, 'hash': '0xd5bf62f341b6ac2d5bcb040d118ff4010d006409d4a051c1db8ef86494833ad2', 'tid': 927694707050984}, {'coin': 'NOT', 'side': 'A', 'px': '0.022552', 'sz': '1421.0', 'time': 1717470602343, 'hash': '0xdedbd252445a935a25d6040d119165010d00e5f9935d967f0bc2861638ca881d', 'tid': 1075585900706028}, {'coin': 'NOT', 'side': 'A', 'px': '0.022522', 'sz': '782.0', 'time': 1717470694886, 'hash': '0x6b749205435966ccb2b2040d11934d010800c969cbea9768c6e4a7edebd5ebe1', 'tid': 119970492022209}, {'coin': 'NOT', 'side': 'B', 'px': '0.022533', 'sz': '777.0', 'time': 1717470775418, 'hash': '0xa41ee1bbc6919c6c9250040d1194e6010200588687c2a076c3b4d58348ac6ca3', 'tid': 241967376791062}, {'coin': 'NOT', 'side': 'A', 'px': '0.022508', 'sz': '1177.0', 'time': 1717470831959, 'hash': '0x2ce9d1a4fa6610eddfb6040d119611010d00980fa65008dfffea796e476d9a37', 'tid': 307511114431886}, {'coin': 'NOT', 'side': 'A', 'px': '0.022508', 'sz': '689.0', 'time': 1717470839686, 'hash': '0x7dc5760db012ba8760b8040d11962f010300f46799845de011fbe7fd0202c87e', 'tid': 13946014828383}, {'coin': 'NOT', 'side': 'A', 'px': '0.022549', 'sz': '811.0', 'time': 1717470916281, 'hash': '0x5405b3b36c5d29c7c730040d1197bc010f001c53248010a27d5603fbc2edfe62', 'tid': 46805456738616}, {'coin': 'NOT', 'side': 'A', 'px': '0.02253', 'sz': '60077.0', 'time': 1717470971207, 'hash': '0x5526339e8b9e7a902f97040d1198d501070031a7a5cd93b43c65993e346a9758', 'tid': 143170443550808}, {'coin': 'NOT', 'side': 'B', 'px': '0.022509', 'sz': '56068.0', 'time': 1717470989907, 'hash': '0xd1a75de4546721964c1b040d119937010900a7e0afacbe01ac50065a8064dd8a', 'tid': 1108821257639458}, {'coin': 'NOT', 'side': 'B', 'px': '0.02237', 'sz': '97246.0', 'time': 1717471062184, 'hash': '0xafcea349bf5762db87cf040d119aaf010a00a21f8eb1309405d1718d191681df', 'tid': 225869538933447}, {'coin': 'NOT', 'side': 'B', 'px': '0.022386', 'sz': '39558.0', 'time': 1717471082080, 'hash': '0xe607acdf2f682fa491fa040d119b15010a001c090454c662bf7a48564d2c7d22', 'tid': 998385620314954}, {'coin': 'NOT', 'side': 'A', 'px': '0.022414', 'sz': '129048.0', 'time': 1717471110236, 'hash': '0x0bf2a85b55466b66debb040d119ba90108000d88a361b3b95aaaf95fcf46de9a', 'tid': 216751172525677}, {'coin': 'NOT', 'side': 'B', 'px': '0.022415', 'sz': '795.0', 'time': 1717471198498, 'hash': '0x813af866d83da08d5710040d119d6a010500a027fe78c96f7e010bf15e0fae2f', 'tid': 937412538833947}, {'coin': 'NOT', 'side': 'A', 'px': '0.022384', 'sz': '51117.0', 'time': 1717471231886, 'hash': '0x86849d9d6071dcf22d87040d119e15010800250a7d94e9bcf34edd4e2bd1a627', 'tid': 303314455131767}, {'coin': 'NOT', 'side': 'A', 'px': '0.022384', 'sz': '55657.0', 'time': 1717471231886, 'hash': '0x30760b1323d864516003040d119e15010900c1b07df786d7170825f886945504', 'tid': 39608558409290}]}
