{'channel': 'trades', 'data': [{'coin': 'BTC', 'side': 'A', 'px': '65624.0', 'sz': '0.00304', 'time': 1718396078121, 'hash': '0x0000000000000000000000000000000000000000000000000000000000000000', 'tid': 385124760405874}, {'coin': 'BTC', 'side': 'A', 'px': '65624.0', 'sz': '0.0592', 'time': 1718396078121, 'hash': '0x0000000000000000000000000000000000000000000000000000000000000000', 'tid': 389992776393861}, {'coin': 'BTC', 'side': 'B', 'px': '65650.0', 'sz': '0.00174', 'time': 1718396087823, 'hash': '0x8af5fd635bc17da1d330040b7781c2017100ab856043b578885da9016556e5a8', 'tid': 1036736197496858}, {'coin': 'BTC', 'side': 'B', 'px': '65651.0', 'sz': '0.08509', 'time': 1718396087823, 'hash': '0x8af5fd635bc17da1d330040b7781c2017100ab856043b578885da9016556e5a8', 'tid': 114242091248956}, {'coin': 'BTC', 'side': 'B', 'px': '65651.0', 'sz': '0.00082', 'time': 1718396088023, 'hash': '0x0000000000000000000000000000000000000000000000000000000000000000', 'tid': 113297987500952}, {'coin': 'BTC', 'side': 'B', 'px': '65651.0', 'sz': '0.06608', 'time': 1718396088226, 'hash': '0xc11ff84d717f973a0539040b7781c801960091f63a486dfcb76f6a2a21b3166a', 'tid': 212687814856252}, {'coin': 'BTC', 'side': 'B', 'px': '65651.0', 'sz': '0.00752', 'time': 1718396088226, 'hash': '0xc11ff84d717f973a0539040b7781c801960091f63a486dfcb76f6a2a21b3166a', 'tid': 1094084585992657}, {'coin': 'BTC', 'side': 'B', 'px': '65651.0', 'sz': '0.00079', 'time': 1718396090042, 'hash': '0x0ab48061a166bb726bee040b7781e4011b00e340fde28555dc0f6e0c5e270fbd', 'tid': 920909783264509}, {'coin': 'BTC', 'side': 'B', 'px': '65651.0', 'sz': '0.00141', 'time': 1718396100036, 'hash': '0x0000000000000000000000000000000000000000000000000000000000000000', 'tid': 897647578134159}, {'coin': 'BTC', 'side': 'A', 'px': '65640.0', 'sz': '0.05017', 'time': 1718396108001, 'hash': '0x0000000000000000000000000000000000000000000000000000000000000000', 'tid': 462506199315676}, {'coin': 'BTC', 'side': 'A', 'px': '65633.0', 'sz': '0.00304', 'time': 1718396108001, 'hash': '0x0000000000000000000000000000000000000000000000000000000000000000', 'tid': 4774737168313}, {'coin': 'BTC', 'side': 'A', 'px': '65628.0', 'sz': '0.00903', 'time': 1718396108001, 'hash': '0x0000000000000000000000000000000000000000000000000000000000000000', 'tid': 572842565406008}, {'coin': 'BTC', 'side': 'B', 'px': '65622.0', 'sz': '0.01349', 'time': 1718396112204, 'hash': '0x47540a1c6e1acb483772040b77833401a900e918c668b730fb1657bbbc149e61', 'tid': 208908162774340}, {'coin': 'BTC', 'side': 'B', 'px': '65622.0', 'sz': '0.00087', 'time': 1718396118068, 'hash': '0x0000000000000000000000000000000000000000000000000000000000000000', 'tid': 742436889665705}, {'coin': 'BTC', 'side': 'B', 'px': '65622.0', 'sz': '0.00317', 'time': 1718396119392, 'hash': '0x1ca885059aca2d26f5e0040b7783a1014b002846d97d1eb200a373eb5df28293', 'tid': 470085910994216}, {'coin': 'BTC', 'side': 'B', 'px': '65622.0', 'sz': '0.00028', 'time': 1718396128127, 'hash': '0x6a35d1cafb7ac06ef3be040b778426015a0050300ca72962e889d81c59491592', 'tid': 750064714401690}, {'coin': 'BTC', 'side': 'B', 'px': '65622.0', 'sz': '0.00097', 'time': 1718396130049, 'hash': '0x0000000000000000000000000000000000000000000000000000000000000000', 'tid': 540014680858666}, {'coin': 'BTC', 'side': 'B', 'px': '65622.0', 'sz': '0.01006', 'time': 1718396136646, 'hash': '0x2fd2f5287843bdd676e0040b77849f015100e615e2211a6c7369c84470362aac', 'tid': 459423066130996}, {'coin': 'BTC', 'side': 'B', 'px': '65622.0', 'sz': '0.04762', 'time': 1718396136646, 'hash': '0x2fd2f5287843bdd676e0040b77849f015100e615e2211a6c7369c84470362aac', 'tid': 175715803408559}, {'coin': 'BTC', 'side': 'B', 'px': '65622.0', 'sz': '0.18214', 'time': 1718396136646, 'hash': '0x2fd2f5287843bdd676e0040b77849f015100e615e2211a6c7369c84470362aac', 'tid': 608132775150910}, {'coin': 'BTC', 'side': 'B', 'px': '65622.0', 'sz': '0.47621', 'time': 1718396136646, 'hash': '0x2fd2f5287843bdd676e0040b77849f015100e615e2211a6c7369c84470362aac', 'tid': 1096219131938842}, {'coin': 'BTC', 'side': 'B', 'px': '65622.0', 'sz': '0.07285', 'time': 1718396136646, 'hash': '0x2fd2f5287843bdd676e0040b77849f015100e615e2211a6c7369c84470362aac', 'tid': 15571366156561}, {'coin': 'BTC', 'side': 'B', 'px': '65622.0', 'sz': '0.18327', 'time': 1718396136646, 'hash': '0x2fd2f5287843bdd676e0040b77849f015100e615e2211a6c7369c84470362aac', 'tid': 1069727315156391}, {'coin': 'BTC', 'side': 'B', 'px': '65622.0', 'sz': '0.00762', 'time': 1718396136646, 'hash': '0x2fd2f5287843bdd676e0040b77849f015100e615e2211a6c7369c84470362aac', 'tid': 681701707477993}, {'coin': 'BTC', 'side': 'B', 'px': '65622.0', 'sz': '0.34287', 'time': 1718396136646, 'hash': '0x2fd2f5287843bdd676e0040b77849f015100e615e2211a6c7369c84470362aac', 'tid': 868173130615623}, {'coin': 'BTC', 'side': 'B', 'px': '65622.0', 'sz': '0.07619', 'time': 1718396136646, 'hash': '0x2fd2f5287843bdd676e0040b77849f015100e615e2211a6c7369c84470362aac', 'tid': 919195962790815}, {'coin': 'BTC', 'side': 'B', 'px': '65622.0', 'sz': '0.07285', 'time': 1718396136646, 'hash': '0x2fd2f5287843bdd676e0040b77849f015100e615e2211a6c7369c84470362aac', 'tid': 744322542119841}, {'coin': 'BTC', 'side': 'B', 'px': '65622.0', 'sz': '0.18118', 'time': 1718396136646, 'hash': '0x2fd2f5287843bdd676e0040b77849f015100e615e2211a6c7369c84470362aac', 'tid': 963463477106041}, {'coin': 'BTC', 'side': 'A', 'px': '65621.0', 'sz': '0.00304', 'time': 1718396138029, 'hash': '0x0000000000000000000000000000000000000000000000000000000000000000', 'tid': 394051126462761}, {'coin': 'BTC', 'side': 'A', 'px': '65621.0', 'sz': '0.0592', 'time': 1718396138029, 'hash': '0x0000000000000000000000000000000000000000000000000000000000000000', 'tid': 657408058251267}]}
{'channel': 'trades', 'data': [{'coin': 'BTC', 'side': 'B', 'px': '65631.0', 'sz': '0.00082', 'time': 1718396148107, 'hash': '0x0000000000000000000000000000000000000000000000000000000000000000', 'tid': 792959915192251}]}
{'channel': 'trades', 'data': [{'coin': 'BTC', 'side': 'B', 'px': '65624.0', 'sz': '0.00129', 'time': 1718396160046, 'hash': '0x0000000000000000000000000000000000000000000000000000000000000000', 'tid': 3076341979100}]}
{'channel': 'trades', 'data': [{'coin': 'BTC', 'side': 'A', 'px': '65636.0', 'sz': '0.00055', 'time': 1718396167915, 'hash': '0xb2b3bec60bb53bea1691040b77867a012c008abd24323116c3251eae605af61e', 'tid': 614334118599693}]}
{'channel': 'trades', 'data': [{'coin': 'BTC', 'side': 'A', 'px': '65636.0', 'sz': '0.06225', 'time': 1718396168101, 'hash': '0x0000000000000000000000000000000000000000000000000000000000000000', 'tid': 715196975346023}]}
